<?xml version="1.0" encoding="UTF-8"?><collection xmlns="http://www.loc.gov/MARC21/slim"><record><leader>00452nam--2200169-i-4500</leader><controlfield tag="001">000026457</controlfield><controlfield tag="002">20161230</controlfield><controlfield tag="005">20170124003528</controlfield><controlfield tag="008">060222s1000------------r-----000-0-eng-d</controlfield><datafield ind1=" " ind2=" " tag="080"><subfield code="a">519.4:512:62</subfield></datafield><datafield ind1=" " ind2=" " tag="100"><subfield code="a">Kaufmann, A</subfield></datafield><datafield ind1=" " ind2=" " tag="245"><subfield code="a">Elemente de teoria multimilor si algebra moderna. Traducere din l.franceza</subfield></datafield><datafield ind1=" " ind2=" " tag="260"><subfield code="a">Bucuresti</subfield><subfield code="b">Ed.Tehnica</subfield><subfield code="c">1966</subfield></datafield><datafield ind1=" " ind2=" " tag="300"><subfield code="a">221 p</subfield></datafield><datafield ind1=" " ind2=" " tag="700"><subfield code="a">Precigout, M</subfield></datafield><datafield ind1=" " ind2=" " tag="852"><subfield code="a">38432</subfield></datafield><datafield ind1=" " ind2=" " tag="CAT"><subfield code="a">SYS</subfield><subfield code="c">20170124</subfield><subfield code="h">003528</subfield></datafield></record></collection>